%YAML 1.1
%TAG !u! tag:unity3d.com,2011:
--- !u!50 &2367433063894473232
Rigidbody2D:
  serializedVersion: 4
  m_ObjectHideFlags: 0
  m_CorrespondingSourceObject: {fileID: 0}
  m_PrefabInstance: {fileID: 0}
  m_PrefabAsset: {fileID: 0}
  m_GameObject: {fileID: 1238119736177158503}
  m_BodyType: 0
  m_Simulated: 1
  m_UseFullKinematicContacts: 0
  m_UseAutoMass: 0
  m_Mass: 0.0001
  m_LinearDrag: 0
  m_AngularDrag: 0
  m_GravityScale: 0
  m_Material: {fileID: 0}
  m_Interpolate: 0
  m_SleepingMode: 1
  m_CollisionDetection: 0
  m_Constraints: 7
--- !u!1 &2257132915711684699
GameObject:
  m_ObjectHideFlags: 0
  m_CorrespondingSourceObject: {fileID: 0}
  m_PrefabInstance: {fileID: 0}
  m_PrefabAsset: {fileID: 0}
  serializedVersion: 6
  m_Component:
  - component: {fileID: 6730356627756915615}
  m_Layer: 0
  m_Name: Environment
  m_TagString: Untagged
  m_Icon: {fileID: 0}
  m_NavMeshLayer: 0
  m_StaticEditorFlags: 0
  m_IsActive: 1
--- !u!4 &6730356627756915615
Transform:
  m_ObjectHideFlags: 0
  m_CorrespondingSourceObject: {fileID: 0}
  m_PrefabInstance: {fileID: 0}
  m_PrefabAsset: {fileID: 0}
  m_GameObject: {fileID: 2257132915711684699}
  m_LocalRotation: {x: 0, y: 0, z: 0, w: 1}
  m_LocalPosition: {x: 1.1854632, y: -0.88127553, z: -98.31391}
  m_LocalScale: {x: 1, y: 1, z: 1}
  m_Children:
  - {fileID: 2910644143155332053}
  - {fileID: 2367433064704297686}
  - {fileID: 2367433063774458503}
  - {fileID: 4596883711579287981}
  - {fileID: 2367433065039525074}
  m_Father: {fileID: 0}
  m_RootOrder: 0
  m_LocalEulerAnglesHint: {x: 0, y: 0, z: 0}
--- !u!1 &2367433063774458497
GameObject:
  m_ObjectHideFlags: 0
  m_CorrespondingSourceObject: {fileID: 0}
  m_PrefabInstance: {fileID: 0}
  m_PrefabAsset: {fileID: 0}
  serializedVersion: 6
  m_Component:
  - component: {fileID: 2367433063774458503}
  - component: {fileID: 2367433063774458502}
  m_Layer: 0
  m_Name: EndMap (1)
  m_TagString: Untagged
  m_Icon: {fileID: 0}
  m_NavMeshLayer: 0
  m_StaticEditorFlags: 0
  m_IsActive: 1
--- !u!4 &2367433063774458503
Transform:
  m_ObjectHideFlags: 0
  m_CorrespondingSourceObject: {fileID: 0}
  m_PrefabInstance: {fileID: 0}
  m_PrefabAsset: {fileID: 0}
  m_GameObject: {fileID: 2367433063774458497}
  m_LocalRotation: {x: -0, y: -0, z: -0, w: 1}
  m_LocalPosition: {x: 18.744537, y: 1.3621597, z: 98.0669}
  m_LocalScale: {x: 1, y: 1, z: 1}
  m_Children: []
  m_Father: {fileID: 6730356627756915615}
  m_RootOrder: 2
  m_LocalEulerAnglesHint: {x: 0, y: 0, z: 0}
--- !u!61 &2367433063774458502
BoxCollider2D:
  m_ObjectHideFlags: 0
  m_CorrespondingSourceObject: {fileID: 0}
  m_PrefabInstance: {fileID: 0}
  m_PrefabAsset: {fileID: 0}
  m_GameObject: {fileID: 2367433063774458497}
  m_Enabled: 1
  m_Density: 1
  m_Material: {fileID: 0}
  m_IsTrigger: 0
  m_UsedByEffector: 0
  m_UsedByComposite: 0
  m_Offset: {x: -10.501474, y: -0.05873251}
  m_SpriteTilingProperty:
    border: {x: 0, y: 0, z: 0, w: 0}
    pivot: {x: 0, y: 0}
    oldSize: {x: 0, y: 0}
    newSize: {x: 0, y: 0}
    adaptiveTilingThreshold: 0
    drawMode: 0
    adaptiveTiling: 0
  m_AutoTiling: 0
  serializedVersion: 2
  m_Size: {x: 1.0470352, y: 9.293092}
  m_EdgeRadius: 0
--- !u!1 &2367433064704297680
GameObject:
  m_ObjectHideFlags: 0
  m_CorrespondingSourceObject: {fileID: 0}
  m_PrefabInstance: {fileID: 0}
  m_PrefabAsset: {fileID: 0}
  serializedVersion: 6
  m_Component:
  - component: {fileID: 2367433064704297686}
  - component: {fileID: 2367433064704297681}
  m_Layer: 0
  m_Name: EndMap
  m_TagString: Untagged
  m_Icon: {fileID: 0}
  m_NavMeshLayer: 0
  m_StaticEditorFlags: 0
  m_IsActive: 1
--- !u!4 &2367433064704297686
Transform:
  m_ObjectHideFlags: 0
  m_CorrespondingSourceObject: {fileID: 0}
  m_PrefabInstance: {fileID: 0}
  m_PrefabAsset: {fileID: 0}
  m_GameObject: {fileID: 2367433064704297680}
  m_LocalRotation: {x: -0, y: -0, z: -0, w: 1}
  m_LocalPosition: {x: -0.11546314, y: 1.3621597, z: 98.0669}
  m_LocalScale: {x: 1, y: 1, z: 1}
  m_Children: []
  m_Father: {fileID: 6730356627756915615}
  m_RootOrder: 1
  m_LocalEulerAnglesHint: {x: 0, y: 0, z: 0}
--- !u!61 &2367433064704297681
BoxCollider2D:
  m_ObjectHideFlags: 0
  m_CorrespondingSourceObject: {fileID: 0}
  m_PrefabInstance: {fileID: 0}
  m_PrefabAsset: {fileID: 0}
  m_GameObject: {fileID: 2367433064704297680}
  m_Enabled: 1
  m_Density: 1
  m_Material: {fileID: 0}
  m_IsTrigger: 0
  m_UsedByEffector: 0
  m_UsedByComposite: 0
  m_Offset: {x: -10.501474, y: -0.05873251}
  m_SpriteTilingProperty:
    border: {x: 0, y: 0, z: 0, w: 0}
    pivot: {x: 0, y: 0}
    oldSize: {x: 0, y: 0}
    newSize: {x: 0, y: 0}
    adaptiveTilingThreshold: 0
    drawMode: 0
    adaptiveTiling: 0
  m_AutoTiling: 0
  serializedVersion: 2
  m_Size: {x: 1.0470352, y: 9.293092}
  m_EdgeRadius: 0
--- !u!1 &2367433065039525068
GameObject:
  m_ObjectHideFlags: 0
  m_CorrespondingSourceObject: {fileID: 0}
  m_PrefabInstance: {fileID: 0}
  m_PrefabAsset: {fileID: 0}
  serializedVersion: 6
  m_Component:
  - component: {fileID: 2367433065039525074}
  - component: {fileID: 2367433065039525069}
  m_Layer: 0
  m_Name: GameManager
  m_TagString: Untagged
  m_Icon: {fileID: 0}
  m_NavMeshLayer: 0
  m_StaticEditorFlags: 0
  m_IsActive: 1
--- !u!4 &2367433065039525074
Transform:
  m_ObjectHideFlags: 0
  m_CorrespondingSourceObject: {fileID: 0}
  m_PrefabInstance: {fileID: 0}
  m_PrefabAsset: {fileID: 0}
  m_GameObject: {fileID: 2367433065039525068}
  m_LocalRotation: {x: -0, y: -0, z: -0, w: 1}
  m_LocalPosition: {x: -0.869272, y: 0.79285246, z: 97.082405}
  m_LocalScale: {x: 1, y: 1, z: 1}
  m_Children: []
  m_Father: {fileID: 6730356627756915615}
  m_RootOrder: 4
  m_LocalEulerAnglesHint: {x: 0, y: 0, z: 0}
--- !u!114 &2367433065039525069
MonoBehaviour:
  m_ObjectHideFlags: 0
  m_CorrespondingSourceObject: {fileID: 0}
  m_PrefabInstance: {fileID: 0}
  m_PrefabAsset: {fileID: 0}
  m_GameObject: {fileID: 2367433065039525068}
  m_Enabled: 1
  m_EditorHideFlags: 0
  m_Script: {fileID: 11500000, guid: b92ed8a3c5208ab4285fc11c19ab2a28, type: 3}
  m_Name: 
  m_EditorClassIdentifier: 
  diamond: {fileID: 6446423201808458604, guid: 559e88b0403da3f4493def9a32fd3a5e, type: 3}
  suelo: {fileID: 1204430260240538800, guid: 0c0d18ff2f26c2945b461dfce5d38486, type: 3}
  speed: {fileID: 0}
--- !u!114 &2367433065594948244
MonoBehaviour:
  m_ObjectHideFlags: 0
  m_CorrespondingSourceObject: {fileID: 0}
  m_PrefabInstance: {fileID: 0}
  m_PrefabAsset: {fileID: 0}
  m_GameObject: {fileID: 6655389984176158006}
  m_Enabled: 1
  m_EditorHideFlags: 0
  m_Script: {fileID: 11500000, guid: 5d1c4e0b1822b495aa52bc52839ecb30, type: 3}
  m_Name: 
  m_EditorClassIdentifier: 
  m_BrainParameters:
    VectorObservationSize: 1
    NumStackedVectorObservations: 1
    VectorActionSize: 02000000
    VectorActionDescriptions: []
    VectorActionSpaceType: 1
  m_Model: {fileID: 0}
  m_InferenceDevice: 0
  m_BehaviorType: 0
  m_BehaviorName: Moute
  TeamId: 0
  m_UseChildSensors: 1
--- !u!114 &2367433065594948247
MonoBehaviour:
  m_ObjectHideFlags: 0
  m_CorrespondingSourceObject: {fileID: 0}
  m_PrefabInstance: {fileID: 0}
  m_PrefabAsset: {fileID: 0}
  m_GameObject: {fileID: 6655389984176158006}
  m_Enabled: 1
  m_EditorHideFlags: 0
  m_Script: {fileID: 11500000, guid: 3cef32ad3315a61438d76fb9e6d97c15, type: 3}
  m_Name: 
  m_EditorClassIdentifier: 
  agentParameters:
    maxStep: 0
  hasUpgradedFromAgentParameters: 1
  MaxStep: 0
  IsaacVida: {fileID: 0}
--- !u!1001 &114931570923746775
PrefabInstance:
  m_ObjectHideFlags: 0
  serializedVersion: 2
  m_Modification:
    m_TransformParent: {fileID: 6730356627756915615}
    m_Modifications:
    - target: {fileID: 1204430260240538800, guid: 0c0d18ff2f26c2945b461dfce5d38486,
        type: 3}
      propertyPath: m_Name
      value: Suelo
      objectReference: {fileID: 0}
    - target: {fileID: 1204430260240538800, guid: 0c0d18ff2f26c2945b461dfce5d38486,
        type: 3}
      propertyPath: m_TagString
      value: Suelo
      objectReference: {fileID: 0}
    - target: {fileID: 3025573197219853826, guid: 0c0d18ff2f26c2945b461dfce5d38486,
        type: 3}
      propertyPath: m_LocalPosition.x
      value: -1.1944631
      objectReference: {fileID: 0}
    - target: {fileID: 3025573197219853826, guid: 0c0d18ff2f26c2945b461dfce5d38486,
        type: 3}
      propertyPath: m_LocalPosition.y
      value: -3.6187243
      objectReference: {fileID: 0}
    - target: {fileID: 3025573197219853826, guid: 0c0d18ff2f26c2945b461dfce5d38486,
        type: 3}
      propertyPath: m_LocalPosition.z
      value: 98.31391
      objectReference: {fileID: 0}
    - target: {fileID: 3025573197219853826, guid: 0c0d18ff2f26c2945b461dfce5d38486,
        type: 3}
      propertyPath: m_LocalRotation.x
      value: -0
      objectReference: {fileID: 0}
    - target: {fileID: 3025573197219853826, guid: 0c0d18ff2f26c2945b461dfce5d38486,
        type: 3}
      propertyPath: m_LocalRotation.y
      value: -0
      objectReference: {fileID: 0}
    - target: {fileID: 3025573197219853826, guid: 0c0d18ff2f26c2945b461dfce5d38486,
        type: 3}
      propertyPath: m_LocalRotation.z
      value: -0
      objectReference: {fileID: 0}
    - target: {fileID: 3025573197219853826, guid: 0c0d18ff2f26c2945b461dfce5d38486,
        type: 3}
      propertyPath: m_LocalRotation.w
      value: 1
      objectReference: {fileID: 0}
    - target: {fileID: 3025573197219853826, guid: 0c0d18ff2f26c2945b461dfce5d38486,
        type: 3}
      propertyPath: m_RootOrder
      value: 0
      objectReference: {fileID: 0}
    - target: {fileID: 3025573197219853826, guid: 0c0d18ff2f26c2945b461dfce5d38486,
        type: 3}
      propertyPath: m_LocalEulerAnglesHint.x
      value: 0
      objectReference: {fileID: 0}
    - target: {fileID: 3025573197219853826, guid: 0c0d18ff2f26c2945b461dfce5d38486,
        type: 3}
      propertyPath: m_LocalEulerAnglesHint.y
      value: 0
      objectReference: {fileID: 0}
    - target: {fileID: 3025573197219853826, guid: 0c0d18ff2f26c2945b461dfce5d38486,
        type: 3}
      propertyPath: m_LocalEulerAnglesHint.z
      value: 0
      objectReference: {fileID: 0}
    - target: {fileID: 3025573197219853826, guid: 0c0d18ff2f26c2945b461dfce5d38486,
        type: 3}
      propertyPath: m_LocalScale.x
      value: 17.790672
      objectReference: {fileID: 0}
    m_RemovedComponents: []
  m_SourcePrefab: {fileID: 100100000, guid: 0c0d18ff2f26c2945b461dfce5d38486, type: 3}
--- !u!1 &1238119736177158503 stripped
GameObject:
  m_CorrespondingSourceObject: {fileID: 1204430260240538800, guid: 0c0d18ff2f26c2945b461dfce5d38486,
    type: 3}
  m_PrefabInstance: {fileID: 114931570923746775}
  m_PrefabAsset: {fileID: 0}
--- !u!4 &2910644143155332053 stripped
Transform:
  m_CorrespondingSourceObject: {fileID: 3025573197219853826, guid: 0c0d18ff2f26c2945b461dfce5d38486,
    type: 3}
  m_PrefabInstance: {fileID: 114931570923746775}
  m_PrefabAsset: {fileID: 0}
--- !u!1001 &8742112688272057080
PrefabInstance:
  m_ObjectHideFlags: 0
  serializedVersion: 2
  m_Modification:
    m_TransformParent: {fileID: 6730356627756915615}
    m_Modifications:
    - target: {fileID: 2670221995117320142, guid: a86d41ff9936f4148add29de27d79bfd,
        type: 3}
      propertyPath: m_Name
      value: Personaje_Isaac
      objectReference: {fileID: 0}
    - target: {fileID: 2670221995117320142, guid: a86d41ff9936f4148add29de27d79bfd,
        type: 3}
      propertyPath: m_TagString
      value: Player
      objectReference: {fileID: 0}
    - target: {fileID: 5087185546884830037, guid: a86d41ff9936f4148add29de27d79bfd,
        type: 3}
      propertyPath: m_LocalPosition.x
      value: -1.1854632
      objectReference: {fileID: 0}
    - target: {fileID: 5087185546884830037, guid: a86d41ff9936f4148add29de27d79bfd,
        type: 3}
      propertyPath: m_LocalPosition.y
      value: -2.2887244
      objectReference: {fileID: 0}
    - target: {fileID: 5087185546884830037, guid: a86d41ff9936f4148add29de27d79bfd,
        type: 3}
      propertyPath: m_LocalPosition.z
      value: 98.31391
      objectReference: {fileID: 0}
    - target: {fileID: 5087185546884830037, guid: a86d41ff9936f4148add29de27d79bfd,
        type: 3}
      propertyPath: m_LocalRotation.x
      value: -0
      objectReference: {fileID: 0}
    - target: {fileID: 5087185546884830037, guid: a86d41ff9936f4148add29de27d79bfd,
        type: 3}
      propertyPath: m_LocalRotation.y
      value: -0
      objectReference: {fileID: 0}
    - target: {fileID: 5087185546884830037, guid: a86d41ff9936f4148add29de27d79bfd,
        type: 3}
      propertyPath: m_LocalRotation.z
      value: -0
      objectReference: {fileID: 0}
    - target: {fileID: 5087185546884830037, guid: a86d41ff9936f4148add29de27d79bfd,
        type: 3}
      propertyPath: m_LocalRotation.w
      value: 1
      objectReference: {fileID: 0}
    - target: {fileID: 5087185546884830037, guid: a86d41ff9936f4148add29de27d79bfd,
        type: 3}
      propertyPath: m_RootOrder
      value: 3
      objectReference: {fileID: 0}
    - target: {fileID: 5087185546884830037, guid: a86d41ff9936f4148add29de27d79bfd,
        type: 3}
      propertyPath: m_LocalEulerAnglesHint.x
      value: 0
      objectReference: {fileID: 0}
    - target: {fileID: 5087185546884830037, guid: a86d41ff9936f4148add29de27d79bfd,
        type: 3}
      propertyPath: m_LocalEulerAnglesHint.y
      value: 0
      objectReference: {fileID: 0}
    - target: {fileID: 5087185546884830037, guid: a86d41ff9936f4148add29de27d79bfd,
        type: 3}
      propertyPath: m_LocalEulerAnglesHint.z
      value: 0
      objectReference: {fileID: 0}
    m_RemovedComponents: []
  m_SourcePrefab: {fileID: 100100000, guid: a86d41ff9936f4148add29de27d79bfd, type: 3}
--- !u!1 &6655389984176158006 stripped
GameObject:
  m_CorrespondingSourceObject: {fileID: 2670221995117320142, guid: a86d41ff9936f4148add29de27d79bfd,
    type: 3}
  m_PrefabInstance: {fileID: 8742112688272057080}
  m_PrefabAsset: {fileID: 0}
--- !u!4 &4596883711579287981 stripped
Transform:
  m_CorrespondingSourceObject: {fileID: 5087185546884830037, guid: a86d41ff9936f4148add29de27d79bfd,
    type: 3}
  m_PrefabInstance: {fileID: 8742112688272057080}
  m_PrefabAsset: {fileID: 0}
